<?xml version="1.0" encoding="UTF-8" ?>
<collection xmlns:xsi="http://www.w3.org/2001/XMLSchema-instance"
    xsi:schemaLocation="http://www.loc.gov/MARC21/slim
        http://www.loc.gov/standards/marcxml/schema/MARC21slim.xsd"
    xmlns="http://www.loc.gov/MARC21/slim">
<record>
  <leader>00242cam a2200457 i 4500</leader>
  <controlfield tag="001">b17618149</controlfield>
  <controlfield tag="003">LeBAU</controlfield>
  <controlfield tag="005">20140915</controlfield>
  <controlfield tag="008">130115s1905    ua            ||0 0 ara d</controlfield>
  <datafield tag="040" ind1=" " ind2=" ">
    <subfield code="a">LEAUB</subfield>
    <subfield code="b">ara</subfield>
    <subfield code="e">rda</subfield>
    <subfield code="c">LEAUB</subfield>
  </datafield>
  <datafield tag="082" ind1="0" ind2="4">
    <subfield code="a">297.23</subfield>
    <subfield code="2">23</subfield>
  </datafield>
  <datafield tag="100" ind1="1" ind2=" ">
    <subfield code="6">880-01</subfield>
    <subfield code="a">Rāghib al-Iṣfahānī, Abū al-Qāsim al-Ḥusayn ibn Muḥammad,</subfield>
    <subfield code="d">-1108 or 1109,</subfield>
    <subfield code="e">author.</subfield>
  </datafield>
  <datafield tag="245" ind1="1" ind2="0">
    <subfield code="6">880-02</subfield>
    <subfield code="a">Kitāb tafṣīl al-nashʼatayn wa-taḥṣīl al-saʻādatayn /</subfield>
    <subfield code="c">lil-imām Abī al-Qāsim al-Ḥusayn ibn Muḥammad ibn al-Mufaḍḍal al-Rāghib al-Iṣfahānī al-mutawaffá fī ra’s al-sanah al-mā’ah al-khāmisah.</subfield>
  </datafield>
  <datafield tag="246" ind1="3" ind2="0">
    <subfield code="6">880-03</subfield>
    <subfield code="a">Tafṣīl al-nashʼatayn wa-taḥṣīl al-saʻādatayn</subfield>
  </datafield>
  <datafield tag="264" ind1=" " ind2="1">
    <subfield code="6">880-04</subfield>
    <subfield code="a">[Miṣr] :</subfield>
    <subfield code="b">al-Maṭbaʻah al-Ḥamīdīyah al-Miṣrīyah,</subfield>
    <subfield code="c">1323 H., [1905? M.]</subfield>
  </datafield>
  <datafield tag="300" ind1=" " ind2=" ">
    <subfield code="6">880-05</subfield>
    <subfield code="a">a-j, 116 pages ;</subfield>
    <subfield code="c">19 cm</subfield>
  </datafield>
  <datafield tag="336" ind1=" " ind2=" ">
    <subfield code="a">text</subfield>
    <subfield code="b">txt</subfield>
    <subfield code="2">rdacontent</subfield>
  </datafield>
  <datafield tag="337" ind1=" " ind2=" ">
    <subfield code="a">unmediated</subfield>
    <subfield code="b">n</subfield>
    <subfield code="2">rdamedia</subfield>
  </datafield>
  <datafield tag="338" ind1=" " ind2=" ">
    <subfield code="a">volume</subfield>
    <subfield code="b">nc</subfield>
    <subfield code="2">rdacarrier</subfield>
  </datafield>
  <datafield tag="500" ind1=" " ind2=" ">
    <subfield code="a">"طبع على نسخة منقولة عن نسخة خطيّة قدسية ومقابلة على نسخة أخرى، كتبها لنفسه الشيخ رضى الدين إبن أبي بكر الحلبي، سنة 963"--صفحة العنوان.</subfield>
  </datafield>
  <datafield tag="500" ind1=" " ind2=" ">
    <subfield code="a">"طبع على نفقة أحمد ناجي الجمالي ومحمد أمين الخانجي وأخيه"--صفحة العنوان.</subfield>
  </datafield>
  <datafield tag="650" ind1=" " ind2="4">
    <subfield code="a">الانثروبولوجيا اللاهوتية</subfield>
    <subfield code="x">الاسلام.</subfield>
  </datafield>
  <datafield tag="650" ind1=" " ind2="4">
    <subfield code="a">الحياة الدينية</subfield>
    <subfield code="x">الاسلام</subfield>
    <subfield code="v">اعمال قديمة حتى 1800.</subfield>
  </datafield>
  <datafield tag="650" ind1=" " ind2="4">
    <subfield code="a">الحياة الآخرة.</subfield>
  </datafield>
  <datafield tag="650" ind1=" " ind2="4">
    <subfield code="a">الخلق.</subfield>
  </datafield>
  <datafield tag="650" ind1=" " ind2="0">
    <subfield code="a">Theological anthropology</subfield>
    <subfield code="x">Islam.</subfield>
  </datafield>
  <datafield tag="650" ind1=" " ind2="0">
    <subfield code="a">Religious life</subfield>
    <subfield code="x">Islam</subfield>
    <subfield code="v">Early works to 1800.</subfield>
  </datafield>
  <datafield tag="650" ind1=" " ind2="0">
    <subfield code="a">Future life.</subfield>
  </datafield>
  <datafield tag="650" ind1=" " ind2="0">
    <subfield code="a">Creation.</subfield>
  </datafield>
  <datafield tag="775" ind1="0" ind2=" ">
    <subfield code="6">880-06</subfield>
    <subfield code="t">كتاب تفصيل النشأتين وتحصيل السعادتين</subfield>
    <subfield code="d">[al-Qāhirah] : Muṣṭafá Afandī Fahmī al-Kutubī, 1905</subfield>
    <subfield code="w">(OCoLC)784287809</subfield>
    <subfield code="w">(OCoLC)784287809</subfield>
    <subfield code="a">itāb tafṣīl al-nashʼatayn wa-taḥṣīl al-saʻādatayn</subfield>
  </datafield>
  <datafield tag="852" ind1=" " ind2=" ">
    <subfield code="a">Jafet Archives and Special Collections</subfield>
    <subfield code="e">American University of Beirut, Bliss Street, Beirut, ‎Lebanon.‎</subfield>
  </datafield>
  <datafield tag="880" ind1="1" ind2=" ">
    <subfield code="6">100-01/(3/r</subfield>
    <subfield code="a">الراغب الأصفهاني، أبو القاسم الحسين بن محمد،</subfield>
    <subfield code="d">-1108 او 1109،</subfield>
    <subfield code="e">مؤلف. </subfield>
    <subfield code="4">aut.</subfield>
  </datafield>
  <datafield tag="880" ind1="1" ind2="0">
    <subfield code="6">245-02/(3/r</subfield>
    <subfield code="a">كتاب تفصيل النشأتين وتحصيل السعادتين /</subfield>
    <subfield code="c">للإمام أبي القاسم الحسين بن محمد بن المفضل الراغب الأصفهاني المتوفى في رأس  المائة الخامسة.</subfield>
  </datafield>
  <datafield tag="880" ind1="3" ind2="0">
    <subfield code="6">246-03/(3/r</subfield>
    <subfield code="a">تفصيل النشأتين وتحصيل السعادتين</subfield>
  </datafield>
  <datafield tag="880" ind1=" " ind2="1">
    <subfield code="6">264-04/(3/r</subfield>
    <subfield code="a">[مصر] :</subfield>
    <subfield code="b">المطبعة الحميدية المصرية،</subfield>
    <subfield code="c">1323 هـ.، [1905؟ م.]</subfield>
  </datafield>
  <datafield tag="880" ind1=" " ind2=" ">
    <subfield code="6">300-05/(3/r</subfield>
    <subfield code="a">أ-ج، 116 صفحة ؛</subfield>
    <subfield code="c">19 سم</subfield>
  </datafield>
  <datafield tag="880" ind1="0" ind2=" ">
    <subfield code="6">775-06/(3/r</subfield>
    <subfield code="a">itāb tafṣīl al-nashʼatayn wa-taḥṣīl al-saʻādatayn</subfield>
    <subfield code="d">[القاهرة] : مصطفى أفندي فهمي الكتبي، 1905</subfield>
    <subfield code="w">b12374052</subfield>
    <subfield code="w">(OCoLC)784287809</subfield>
  </datafield>
  <datafield tag="907" ind1=" " ind2=" ">
    <subfield code="a">.b17618149</subfield>
    <subfield code="b">16-12-13</subfield>
    <subfield code="c">13-01-15</subfield>
  </datafield>
  <datafield tag="907" ind1=" " ind2=" ">
    <subfield code="a">.b17618149</subfield>
    <subfield code="b">15-10-30</subfield>
    <subfield code="c">13-01-15</subfield>
  </datafield>
  <datafield tag="945" ind1=" " ind2=" ">
    <subfield code="f">CA</subfield>
    <subfield code="a">297.23:R142tA:1905</subfield>
    <subfield code="g">1</subfield>
    <subfield code="i">00490445</subfield>
    <subfield code="j">.i19541946</subfield>
    <subfield code="l">u0304</subfield>
  </datafield>
  <datafield tag="998" ind1=" " ind2=" ">
    <subfield code="a">u03</subfield>
    <subfield code="b">13-06-15</subfield>
    <subfield code="c">m</subfield>
    <subfield code="d">a</subfield>
    <subfield code="e">-</subfield>
    <subfield code="f">ara</subfield>
    <subfield code="g">ua </subfield>
    <subfield code="h">0</subfield>
    <subfield code="i">0</subfield>
  </datafield>
</record>
</collection>
